%YAML 1.1
%TAG !u! tag:unity3d.com,2011:
--- !u!29 &1
SceneSettings:
  m_ObjectHideFlags: 0
  m_PVSData: 
  m_PVSObjectsArray: []
  m_PVSPortalsArray: []
  m_OcclusionBakeSettings:
    smallestOccluder: 5
    smallestHole: .25
    backfaceThreshold: 100
--- !u!104 &2
RenderSettings:
  m_ObjectHideFlags: 0
  serializedVersion: 6
  m_Fog: 0
  m_FogColor: {r: .5, g: .5, b: .5, a: 1}
  m_FogMode: 3
  m_FogDensity: .00999999978
  m_LinearFogStart: 0
  m_LinearFogEnd: 300
  m_AmbientSkyColor: {r: .211999997, g: .226999998, b: .259000003, a: 1}
  m_AmbientEquatorColor: {r: .114, g: .125, b: .133000001, a: 1}
  m_AmbientGroundColor: {r: .0469999984, g: .0430000015, b: .0350000001, a: 1}
  m_AmbientIntensity: 0
  m_AmbientMode: 0
  m_SkyboxMaterial: {fileID: 2100000, guid: 94e4f92a91b55442c98968ba117c2244, type: 2}
  m_HaloStrength: .5
  m_FlareStrength: 1
  m_FlareFadeSpeed: 3
  m_HaloTexture: {fileID: 0}
  m_SpotCookie: {fileID: 10001, guid: 0000000000000000e000000000000000, type: 0}
  m_DefaultReflectionMode: 0
  m_DefaultReflectionResolution: 128
  m_ReflectionBounces: 1
  m_ReflectionIntensity: 0
  m_CustomReflection: {fileID: 0}
  m_Sun: {fileID: 0}
--- !u!127 &3
LevelGameManager:
  m_ObjectHideFlags: 0
--- !u!157 &4
LightmapSettings:
  m_ObjectHideFlags: 0
  serializedVersion: 5
  m_GIWorkflowMode: 0
  m_LightmapsMode: 1
  m_GISettings:
    serializedVersion: 2
    m_BounceScale: 1
    m_IndirectOutputScale: 1
    m_AlbedoBoost: 2
    m_TemporalCoherenceThreshold: 1
    m_EnvironmentLightingMode: 0
    m_EnableBakedLightmaps: 1
    m_EnableRealtimeLightmaps: 1
  m_LightmapEditorSettings:
    serializedVersion: 3
    m_Resolution: 2
    m_BakeResolution: 40
    m_TextureWidth: 1024
    m_TextureHeight: 1024
    m_AOMaxDistance: 1
    m_Padding: 2
    m_CompAOExponent: 0
    m_LightmapParameters: {fileID: 0}
    m_TextureCompression: 1
    m_FinalGather: 0
    m_FinalGatherRayCount: 1024
  m_LightmapSnapshot: {fileID: 0}
  m_RuntimeCPUUsage: 100
--- !u!196 &5
NavMeshSettings:
  serializedVersion: 2
  m_ObjectHideFlags: 0
  m_BuildSettings:
    serializedVersion: 2
    agentRadius: .5
    agentHeight: 2
    agentSlope: 45
    agentClimb: .400000006
    ledgeDropHeight: 0
    maxJumpAcrossDistance: 0
    accuratePlacement: 0
    minRegionArea: 2
    cellSize: .166666672
    manualCellSize: 0
  m_NavMeshData: {fileID: 0}
--- !u!1 &20589021
GameObject:
  m_ObjectHideFlags: 0
  m_PrefabParentObject: {fileID: 0}
  m_PrefabInternal: {fileID: 0}
  serializedVersion: 4
  m_Component:
  - 4: {fileID: 20589022}
  - 33: {fileID: 20589026}
  - 64: {fileID: 20589025}
  - 137: {fileID: 20589024}
  - 183: {fileID: 20589023}
  m_Layer: 0
  m_Name: Plane (1)
  m_TagString: Untagged
  m_Icon: {fileID: 0}
  m_NavMeshLayer: 0
  m_StaticEditorFlags: 0
  m_IsActive: 1
--- !u!4 &20589022
Transform:
  m_ObjectHideFlags: 0
  m_PrefabParentObject: {fileID: 0}
  m_PrefabInternal: {fileID: 0}
  m_GameObject: {fileID: 20589021}
  m_LocalRotation: {x: 2.09631654e-08, y: -.772237778, z: 2.07608708e-09, w: -.635333717}
  m_LocalPosition: {x: -.159999996, y: .00999999978, z: -.689999998}
  m_LocalScale: {x: .14127329, y: .393700778, z: .0762655735}
  m_Children: []
  m_Father: {fileID: 1878324651}
  m_RootOrder: 2
--- !u!183 &20589023
Cloth:
  m_ObjectHideFlags: 0
  m_PrefabParentObject: {fileID: 0}
  m_PrefabInternal: {fileID: 0}
  m_GameObject: {fileID: 20589021}
  m_Enabled: 1
  m_StretchingStiffness: 1
  m_BendingStiffness: 0
  m_UseTethers: 0
  m_UseGravity: 1
  m_Damping: 0
  m_ExternalAcceleration: {x: 0, y: 0, z: 0}
  m_RandomAcceleration: {x: 0, y: 0, z: 0}
  m_WorldVelocityScale: .5
  m_WorldAccelerationScale: 1
  m_Friction: .5
  m_CollisionMassScale: 0
  m_UseContinuousCollision: 1
  m_UseVirtualParticles: 1
  m_SolverFrequency: 120
  m_SleepThreshold: .100000001
  m_Coefficients:
  - maxDistance: 3.40282347e+38
    collisionSphereDistance: 3.40282347e+38
  - maxDistance: 3.40282347e+38
    collisionSphereDistance: 3.40282347e+38
  - maxDistance: 3.40282347e+38
    collisionSphereDistance: 3.40282347e+38
  - maxDistance: 3.40282347e+38
    collisionSphereDistance: 3.40282347e+38
  - maxDistance: 3.40282347e+38
    collisionSphereDistance: 3.40282347e+38
  - maxDistance: 3.40282347e+38
    collisionSphereDistance: 3.40282347e+38
  - maxDistance: 3.40282347e+38
    collisionSphereDistance: 3.40282347e+38
  - maxDistance: 3.40282347e+38
    collisionSphereDistance: 3.40282347e+38
  - maxDistance: 3.40282347e+38
    collisionSphereDistance: 3.40282347e+38
  - maxDistance: 3.40282347e+38
    collisionSphereDistance: 3.40282347e+38
  - maxDistance: 0
    collisionSphereDistance: 3.40282347e+38
  - maxDistance: 3.40282347e+38
    collisionSphereDistance: 3.40282347e+38
  - maxDistance: 3.40282347e+38
    collisionSphereDistance: 3.40282347e+38
  - maxDistance: 3.40282347e+38
    collisionSphereDistance: 3.40282347e+38
  - maxDistance: 3.40282347e+38
    collisionSphereDistance: 3.40282347e+38
  - maxDistance: 3.40282347e+38
    collisionSphereDistance: 3.40282347e+38
  - maxDistance: 3.40282347e+38
    collisionSphereDistance: 3.40282347e+38
  - maxDistance: 3.40282347e+38
    collisionSphereDistance: 3.40282347e+38
  - maxDistance: 3.40282347e+38
    collisionSphereDistance: 3.40282347e+38
  - maxDistance: 3.40282347e+38
    collisionSphereDistance: 3.40282347e+38
  - maxDistance: 3.40282347e+38
    collisionSphereDistance: 3.40282347e+38
  - maxDistance: 3.40282347e+38
    collisionSphereDistance: 3.40282347e+38
  - maxDistance: 3.40282347e+38
    collisionSphereDistance: 3.40282347e+38
  - maxDistance: 3.40282347e+38
    collisionSphereDistance: 3.40282347e+38
  - maxDistance: 3.40282347e+38
    collisionSphereDistance: 3.40282347e+38
  - maxDistance: 3.40282347e+38
    collisionSphereDistance: 3.40282347e+38
  - maxDistance: 3.40282347e+38
    collisionSphereDistance: 3.40282347e+38
  - maxDistance: 3.40282347e+38
    collisionSphereDistance: 3.40282347e+38
  - maxDistance: 3.40282347e+38
    collisionSphereDistance: 3.40282347e+38
  - maxDistance: 3.40282347e+38
    collisionSphereDistance: 3.40282347e+38
  - maxDistance: 3.40282347e+38
    collisionSphereDistance: 3.40282347e+38
  - maxDistance: 3.40282347e+38
    collisionSphereDistance: 3.40282347e+38
  - maxDistance: 3.40282347e+38
    collisionSphereDistance: 3.40282347e+38
  - maxDistance: 3.40282347e+38
    collisionSphereDistance: 3.40282347e+38
  - maxDistance: 3.40282347e+38
    collisionSphereDistance: 3.40282347e+38
  - maxDistance: 3.40282347e+38
    collisionSphereDistance: 3.40282347e+38
  - maxDistance: 3.40282347e+38
    collisionSphereDistance: 3.40282347e+38
  - maxDistance: 3.40282347e+38
    collisionSphereDistance: 3.40282347e+38
  - maxDistance: 3.40282347e+38
    collisionSphereDistance: 3.40282347e+38
  - maxDistance: 3.40282347e+38
    collisionSphereDistance: 3.40282347e+38
  - maxDistance: 3.40282347e+38
    collisionSphereDistance: 3.40282347e+38
  - maxDistance: 3.40282347e+38
    collisionSphereDistance: 3.40282347e+38
  - maxDistance: 3.40282347e+38
    collisionSphereDistance: 3.40282347e+38
  - maxDistance: 3.40282347e+38
    collisionSphereDistance: 3.40282347e+38
  - maxDistance: 3.40282347e+38
    collisionSphereDistance: 3.40282347e+38
  - maxDistance: 3.40282347e+38
    collisionSphereDistance: 3.40282347e+38
  - maxDistance: 3.40282347e+38
    collisionSphereDistance: 3.40282347e+38
  - maxDistance: 3.40282347e+38
    collisionSphereDistance: 3.40282347e+38
  - maxDistance: 3.40282347e+38
    collisionSphereDistance: 3.40282347e+38
  - maxDistance: 3.40282347e+38
    collisionSphereDistance: 3.40282347e+38
  - maxDistance: 3.40282347e+38
    collisionSphereDistance: 3.40282347e+38
  - maxDistance: 3.40282347e+38
    collisionSphereDistance: 3.40282347e+38
  - maxDistance: 3.40282347e+38
    collisionSphereDistance: 3.40282347e+38
  - maxDistance: 3.40282347e+38
    collisionSphereDistance: 3.40282347e+38
  - maxDistance: 3.40282347e+38
    collisionSphereDistance: 3.40282347e+38
  - maxDistance: 3.40282347e+38
    collisionSphereDistance: 3.40282347e+38
  - maxDistance: 3.40282347e+38
    collisionSphereDistance: 3.40282347e+38
  - maxDistance: 3.40282347e+38
    collisionSphereDistance: 3.40282347e+38
  - maxDistance: 3.40282347e+38
    collisionSphereDistance: 3.40282347e+38
  - maxDistance: 3.40282347e+38
    collisionSphereDistance: 3.40282347e+38
  - maxDistance: 3.40282347e+38
    collisionSphereDistance: 3.40282347e+38
  - maxDistance: 3.40282347e+38
    collisionSphereDistance: 3.40282347e+38
  - maxDistance: 3.40282347e+38
    collisionSphereDistance: 3.40282347e+38
  - maxDistance: 3.40282347e+38
    collisionSphereDistance: 3.40282347e+38
  - maxDistance: 3.40282347e+38
    collisionSphereDistance: 3.40282347e+38
  - maxDistance: 3.40282347e+38
    collisionSphereDistance: 3.40282347e+38
  - maxDistance: 3.40282347e+38
    collisionSphereDistance: 3.40282347e+38
  - maxDistance: 3.40282347e+38
    collisionSphereDistance: 3.40282347e+38
  - maxDistance: 3.40282347e+38
    collisionSphereDistance: 3.40282347e+38
  - maxDistance: 3.40282347e+38
    collisionSphereDistance: 3.40282347e+38
  - maxDistance: 3.40282347e+38
    collisionSphereDistance: 3.40282347e+38
  - maxDistance: 3.40282347e+38
    collisionSphereDistance: 3.40282347e+38
  - maxDistance: 3.40282347e+38
    collisionSphereDistance: 3.40282347e+38
  - maxDistance: 3.40282347e+38
    collisionSphereDistance: 3.40282347e+38
  - maxDistance: 3.40282347e+38
    collisionSphereDistance: 3.40282347e+38
  - maxDistance: 3.40282347e+38
    collisionSphereDistance: 3.40282347e+38
  - maxDistance: 3.40282347e+38
    collisionSphereDistance: 3.40282347e+38
  - maxDistance: 3.40282347e+38
    collisionSphereDistance: 3.40282347e+38
  - maxDistance: 3.40282347e+38
    collisionSphereDistance: 3.40282347e+38
  - maxDistance: 3.40282347e+38
    collisionSphereDistance: 3.40282347e+38
  - maxDistance: 3.40282347e+38
    collisionSphereDistance: 3.40282347e+38
  - maxDistance: 3.40282347e+38
    collisionSphereDistance: 3.40282347e+38
  - maxDistance: 3.40282347e+38
    collisionSphereDistance: 3.40282347e+38
  - maxDistance: 3.40282347e+38
    collisionSphereDistance: 3.40282347e+38
  - maxDistance: 3.40282347e+38
    collisionSphereDistance: 3.40282347e+38
  - maxDistance: 3.40282347e+38
    collisionSphereDistance: 3.40282347e+38
  - maxDistance: 3.40282347e+38
    collisionSphereDistance: 3.40282347e+38
  - maxDistance: 3.40282347e+38
    collisionSphereDistance: 3.40282347e+38
  - maxDistance: 3.40282347e+38
    collisionSphereDistance: 3.40282347e+38
  - maxDistance: 3.40282347e+38
    collisionSphereDistance: 3.40282347e+38
  - maxDistance: 3.40282347e+38
    collisionSphereDistance: 3.40282347e+38
  - maxDistance: 3.40282347e+38
    collisionSphereDistance: 3.40282347e+38
  - maxDistance: 3.40282347e+38
    collisionSphereDistance: 3.40282347e+38
  - maxDistance: 3.40282347e+38
    collisionSphereDistance: 3.40282347e+38
  - maxDistance: 3.40282347e+38
    collisionSphereDistance: 3.40282347e+38
  - maxDistance: 3.40282347e+38
    collisionSphereDistance: 3.40282347e+38
  - maxDistance: 3.40282347e+38
    collisionSphereDistance: 3.40282347e+38
  - maxDistance: 3.40282347e+38
    collisionSphereDistance: 3.40282347e+38
  - maxDistance: 3.40282347e+38
    collisionSphereDistance: 3.40282347e+38
  - maxDistance: 3.40282347e+38
    collisionSphereDistance: 3.40282347e+38
  - maxDistance: 3.40282347e+38
    collisionSphereDistance: 3.40282347e+38
  - maxDistance: 3.40282347e+38
    collisionSphereDistance: 3.40282347e+38
  - maxDistance: 3.40282347e+38
    collisionSphereDistance: 3.40282347e+38
  - maxDistance: 3.40282347e+38
    collisionSphereDistance: 3.40282347e+38
  - maxDistance: 3.40282347e+38
    collisionSphereDistance: 3.40282347e+38
  - maxDistance: 3.40282347e+38
    collisionSphereDistance: 3.40282347e+38
  - maxDistance: 3.40282347e+38
    collisionSphereDistance: 3.40282347e+38
  - maxDistance: 3.40282347e+38
    collisionSphereDistance: 3.40282347e+38
  - maxDistance: 3.40282347e+38
    collisionSphereDistance: 3.40282347e+38
  - maxDistance: 3.40282347e+38
    collisionSphereDistance: 3.40282347e+38
  - maxDistance: 3.40282347e+38
    collisionSphereDistance: 3.40282347e+38
  - maxDistance: 3.40282347e+38
    collisionSphereDistance: 3.40282347e+38
  - maxDistance: 3.40282347e+38
    collisionSphereDistance: 3.40282347e+38
  - maxDistance: 3.40282347e+38
    collisionSphereDistance: 3.40282347e+38
  - maxDistance: 3.40282347e+38
    collisionSphereDistance: 3.40282347e+38
  - maxDistance: 3.40282347e+38
    collisionSphereDistance: 3.40282347e+38
  - maxDistance: 3.40282347e+38
    collisionSphereDistance: 3.40282347e+38
  - maxDistance: 3.40282347e+38
    collisionSphereDistance: 3.40282347e+38
  - maxDistance: 3.40282347e+38
    collisionSphereDistance: 3.40282347e+38
  - maxDistance: 3.40282347e+38
    collisionSphereDistance: 3.40282347e+38
  - maxDistance: 0
    collisionSphereDistance: 3.40282347e+38
  m_CapsuleColliders:
  - {fileID: 1810484121}
  m_SphereColliders: []
--- !u!137 &20589024
SkinnedMeshRenderer:
  m_ObjectHideFlags: 0
  m_PrefabParentObject: {fileID: 0}
  m_PrefabInternal: {fileID: 0}
  m_GameObject: {fileID: 20589021}
  m_Enabled: 1
  m_CastShadows: 1
  m_ReceiveShadows: 1
  m_Materials:
  - {fileID: 2100000, guid: 3f983347e2104403784b2b26f97427d5, type: 2}
  m_SubsetIndices: 
  m_StaticBatchRoot: {fileID: 0}
  m_UseLightProbes: 1
  m_ReflectionProbeUsage: 1
  m_ProbeAnchor: {fileID: 0}
  m_ScaleInLightmap: 1
  m_PreserveUVs: 0
  m_ImportantGI: 0
  m_AutoUVMaxDistance: .5
  m_AutoUVMaxAngle: 89
  m_LightmapParameters: {fileID: 0}
  m_SortingLayerID: 0
  m_SortingOrder: 0
  serializedVersion: 2
  m_Quality: 0
  m_UpdateWhenOffscreen: 0
  m_Mesh: {fileID: 10209, guid: 0000000000000000e000000000000000, type: 0}
  m_Bones: []
  m_BlendShapeWeights: []
  m_RootBone: {fileID: 0}
  m_AABB:
    m_Center: {x: 1.90734863e-06, y: -9.53674316e-07, z: 1.68383121e-06}
    m_Extent: {x: 5.00000238, y: 5.30216404e-09, z: 5.00000286}
  m_DirtyAABB: 0
--- !u!64 &20589025
MeshCollider:
  m_ObjectHideFlags: 0
  m_PrefabParentObject: {fileID: 0}
  m_PrefabInternal: {fileID: 0}
  m_GameObject: {fileID: 20589021}
  m_Material: {fileID: 0}
  m_IsTrigger: 0
  m_Enabled: 1
  serializedVersion: 2
  m_Convex: 0
  m_Mesh: {fileID: 10209, guid: 0000000000000000e000000000000000, type: 0}
--- !u!33 &20589026
MeshFilter:
  m_ObjectHideFlags: 0
  m_PrefabParentObject: {fileID: 0}
  m_PrefabInternal: {fileID: 0}
  m_GameObject: {fileID: 20589021}
  m_Mesh: {fileID: 10209, guid: 0000000000000000e000000000000000, type: 0}
--- !u!1 &151860973
GameObject:
  m_ObjectHideFlags: 0
  m_PrefabParentObject: {fileID: 0}
  m_PrefabInternal: {fileID: 0}
  serializedVersion: 4
  m_Component:
  - 4: {fileID: 151860975}
  - 108: {fileID: 151860974}
  m_Layer: 0
  m_Name: Directional light
  m_TagString: Untagged
  m_Icon: {fileID: 0}
  m_NavMeshLayer: 0
  m_StaticEditorFlags: 0
  m_IsActive: 0
--- !u!108 &151860974
Light:
  m_ObjectHideFlags: 0
  m_PrefabParentObject: {fileID: 0}
  m_PrefabInternal: {fileID: 0}
  m_GameObject: {fileID: 151860973}
  m_Enabled: 1
  serializedVersion: 6
  m_Type: 1
  m_Color: {r: 1, g: 1, b: 1, a: 1}
  m_Intensity: .810000002
  m_Range: 10
  m_SpotAngle: 30
  m_CookieSize: 10
  m_Shadows:
    m_Type: 0
    m_Resolution: -1
    m_Strength: 1
    m_Bias: .0500000007
    m_NormalBias: .400000006
  m_Cookie: {fileID: 0}
  m_DrawHalo: 0
  m_Flare: {fileID: 0}
  m_RenderMode: 0
  m_CullingMask:
    serializedVersion: 2
    m_Bits: 4294967295
  m_Lightmapping: 4
  m_BounceIntensity: 1
  m_ShadowRadius: 0
  m_ShadowAngle: 0
  m_AreaSize: {x: 1, y: 1}
--- !u!4 &151860975
Transform:
  m_ObjectHideFlags: 0
  m_PrefabParentObject: {fileID: 0}
  m_PrefabInternal: {fileID: 0}
  m_GameObject: {fileID: 151860973}
  m_LocalRotation: {x: .223329127, y: .430564046, z: .0419674329, w: .873485804}
  m_LocalPosition: {x: 4.55981016, y: 1.1711998, z: .332701206}
  m_LocalScale: {x: 1, y: 1, z: 1}
  m_Children: []
  m_Father: {fileID: 0}
  m_RootOrder: 6
--- !u!1 &170781534
GameObject:
  m_ObjectHideFlags: 0
  m_PrefabParentObject: {fileID: 0}
  m_PrefabInternal: {fileID: 0}
  serializedVersion: 4
  m_Component:
  - 4: {fileID: 170781538}
  - 33: {fileID: 170781537}
  - 65: {fileID: 170781536}
  - 23: {fileID: 170781535}
  m_Layer: 0
  m_Name: Cube
  m_TagString: Untagged
  m_Icon: {fileID: 0}
  m_NavMeshLayer: 0
  m_StaticEditorFlags: 4294967295
  m_IsActive: 0
--- !u!23 &170781535
MeshRenderer:
  m_ObjectHideFlags: 0
  m_PrefabParentObject: {fileID: 0}
  m_PrefabInternal: {fileID: 0}
  m_GameObject: {fileID: 170781534}
  m_Enabled: 1
  m_CastShadows: 1
  m_ReceiveShadows: 1
  m_Materials:
  - {fileID: 2100000, guid: 0a8e5997fd2a942e2965df90b375281e, type: 2}
  m_SubsetIndices: 
  m_StaticBatchRoot: {fileID: 0}
  m_UseLightProbes: 1
  m_ReflectionProbeUsage: 1
  m_ProbeAnchor: {fileID: 0}
  m_ScaleInLightmap: 1
  m_PreserveUVs: 1
  m_ImportantGI: 0
  m_AutoUVMaxDistance: .5
  m_AutoUVMaxAngle: 89
  m_LightmapParameters: {fileID: 0}
  m_SortingLayerID: 0
  m_SortingOrder: 0
--- !u!65 &170781536
BoxCollider:
  m_ObjectHideFlags: 0
  m_PrefabParentObject: {fileID: 0}
  m_PrefabInternal: {fileID: 0}
  m_GameObject: {fileID: 170781534}
  m_Material: {fileID: 0}
  m_IsTrigger: 0
  m_Enabled: 1
  serializedVersion: 2
  m_Size: {x: 1, y: 1, z: 1}
  m_Center: {x: 0, y: 0, z: 0}
--- !u!33 &170781537
MeshFilter:
  m_ObjectHideFlags: 0
  m_PrefabParentObject: {fileID: 0}
  m_PrefabInternal: {fileID: 0}
  m_GameObject: {fileID: 170781534}
  m_Mesh: {fileID: 10202, guid: 0000000000000000e000000000000000, type: 0}
--- !u!4 &170781538
Transform:
  m_ObjectHideFlags: 0
  m_PrefabParentObject: {fileID: 0}
  m_PrefabInternal: {fileID: 0}
  m_GameObject: {fileID: 170781534}
  m_LocalRotation: {x: 0, y: 0, z: 0, w: 1}
  m_LocalPosition: {x: 1.28999996, y: 1.57000005, z: -1.40999997}
  m_LocalScale: {x: 1, y: 1, z: 1}
  m_Children: []
  m_Father: {fileID: 0}
  m_RootOrder: 5
--- !u!1 &1138254633
GameObject:
  m_ObjectHideFlags: 0
  m_PrefabParentObject: {fileID: 0}
  m_PrefabInternal: {fileID: 0}
  serializedVersion: 4
  m_Component:
  - 4: {fileID: 1138254638}
  - 20: {fileID: 1138254637}
  - 92: {fileID: 1138254636}
  - 124: {fileID: 1138254635}
  - 81: {fileID: 1138254634}
  - 114: {fileID: 1138254639}
  - 114: {fileID: 1138254640}
  - 114: {fileID: 1138254641}
  m_Layer: 0
  m_Name: Main Camera
  m_TagString: MainCamera
  m_Icon: {fileID: 0}
  m_NavMeshLayer: 0
  m_StaticEditorFlags: 0
  m_IsActive: 1
--- !u!81 &1138254634
AudioListener:
  m_ObjectHideFlags: 0
  m_PrefabParentObject: {fileID: 0}
  m_PrefabInternal: {fileID: 0}
  m_GameObject: {fileID: 1138254633}
  m_Enabled: 1
--- !u!124 &1138254635
Behaviour:
  m_ObjectHideFlags: 0
  m_PrefabParentObject: {fileID: 0}
  m_PrefabInternal: {fileID: 0}
  m_GameObject: {fileID: 1138254633}
  m_Enabled: 1
--- !u!92 &1138254636
Behaviour:
  m_ObjectHideFlags: 0
  m_PrefabParentObject: {fileID: 0}
  m_PrefabInternal: {fileID: 0}
  m_GameObject: {fileID: 1138254633}
  m_Enabled: 1
--- !u!20 &1138254637
Camera:
  m_ObjectHideFlags: 0
  m_PrefabParentObject: {fileID: 0}
  m_PrefabInternal: {fileID: 0}
  m_GameObject: {fileID: 1138254633}
  m_Enabled: 1
  serializedVersion: 2
  m_ClearFlags: 2
  m_BackGroundColor: {r: .123269916, g: .132521167, b: .147058845, a: 1}
  m_NormalizedViewPortRect:
    serializedVersion: 2
    x: 0
    y: 0
    width: 1
    height: 1
  near clip plane: .300000012
  far clip plane: 9999999
  field of view: 60
  orthographic: 0
  orthographic size: 5
  m_Depth: 0
  m_CullingMask:
    serializedVersion: 2
    m_Bits: 4294967295
  m_RenderingPath: 2
  m_TargetTexture: {fileID: 0}
  m_TargetDisplay: 0
  m_HDR: 1
  m_OcclusionCulling: 1
  m_StereoConvergence: 10
  m_StereoSeparation: .0219999999
  m_StereoMirrorMode: 0
--- !u!4 &1138254638
Transform:
  m_ObjectHideFlags: 0
  m_PrefabParentObject: {fileID: 0}
  m_PrefabInternal: {fileID: 0}
  m_GameObject: {fileID: 1138254633}
  m_LocalRotation: {x: .0735451132, y: .32953155, z: -.0257561728, w: .940923333}
  m_LocalPosition: {x: 1.01239288, y: 3.69533443, z: -6.01890039}
  m_LocalScale: {x: 1, y: 1, z: 1}
  m_Children: []
  m_Father: {fileID: 0}
  m_RootOrder: 0
--- !u!114 &1138254639
MonoBehaviour:
  m_ObjectHideFlags: 0
  m_PrefabParentObject: {fileID: 0}
  m_PrefabInternal: {fileID: 0}
  m_GameObject: {fileID: 1138254633}
  m_Enabled: 1
  m_EditorHideFlags: 0
  m_Script: {fileID: 11500000, guid: 7fceaeb339b971b429c4cc600acabd13, type: 3}
  m_Name: 
  m_EditorClassIdentifier: 
  tweakMode: 0
  screenBlendMode: 1
  hdr: 0
  sepBlurSpread: 8.11999989
  quality: 1
  bloomIntensity: .330000013
  bloomThreshold: 2.61999989
  bloomThresholdColor: {r: 1, g: 1, b: 1, a: 1}
  bloomBlurIterations: 1
  hollywoodFlareBlurIterations: 2
  flareRotation: 0
  lensflareMode: 1
  hollyStretchWidth: 2.5
  lensflareIntensity: 0
  lensflareThreshold: .300000012
  lensFlareSaturation: .75
  flareColorA: {r: .400000006, g: .400000006, b: .800000012, a: .75}
  flareColorB: {r: .400000006, g: .800000012, b: .800000012, a: .75}
  flareColorC: {r: .800000012, g: .400000006, b: .800000012, a: .75}
  flareColorD: {r: .800000012, g: .400000006, b: 0, a: .75}
  lensFlareVignetteMask: {fileID: 2800000, guid: 95ef4804fe0be4c999ddaa383536cde8,
    type: 3}
  lensFlareShader: {fileID: 4800000, guid: 459fe69d2f6d74ddb92f04dbf45a866b, type: 3}
  screenBlendShader: {fileID: 4800000, guid: 7856cbff0a0ca45c787d5431eb805bb0, type: 3}
  blurAndFlaresShader: {fileID: 4800000, guid: be6e39cf196f146d5be72fbefb18ed75, type: 3}
  brightPassFilterShader: {fileID: 4800000, guid: 0aeaa4cb29f5d4e9c8455f04c8575c8c,
    type: 3}
--- !u!114 &1138254640
MonoBehaviour:
  m_ObjectHideFlags: 0
  m_PrefabParentObject: {fileID: 0}
  m_PrefabInternal: {fileID: 0}
  m_GameObject: {fileID: 1138254633}
  m_Enabled: 1
  m_EditorHideFlags: 0
  m_Script: {fileID: 11500000, guid: 1fd999d1b2cf94a45a5b0a47ce074bef, type: 3}
  m_Name: 
  m_EditorClassIdentifier: 
  redChannel:
    serializedVersion: 2
    m_Curve:
    - time: 0
      value: 0
      inSlope: 0
      outSlope: 0
      tangentMode: 0
    - time: 1
      value: 1
      inSlope: 0
      outSlope: 0
      tangentMode: 0
    m_PreInfinity: 2
    m_PostInfinity: 2
  greenChannel:
    serializedVersion: 2
    m_Curve:
    - time: 0
      value: 0
      inSlope: 0
      outSlope: 0
      tangentMode: 0
    - time: 1
      value: 1
      inSlope: 0
      outSlope: 0
      tangentMode: 0
    m_PreInfinity: 2
    m_PostInfinity: 2
  blueChannel:
    serializedVersion: 2
    m_Curve:
    - time: 0
      value: 0
      inSlope: 0
      outSlope: 0
      tangentMode: 0
    - time: 1
      value: 1
      inSlope: 0
      outSlope: 0
      tangentMode: 0
    m_PreInfinity: 2
    m_PostInfinity: 2
  useDepthCorrection: 0
  zCurve:
    serializedVersion: 2
    m_Curve:
    - time: 0
      value: 0
      inSlope: 0
      outSlope: 0
      tangentMode: 0
    - time: 1
      value: 1
      inSlope: 0
      outSlope: 0
      tangentMode: 0
    m_PreInfinity: 2
    m_PostInfinity: 2
  depthRedChannel:
    serializedVersion: 2
    m_Curve:
    - time: 0
      value: 0
      inSlope: 0
      outSlope: 0
      tangentMode: 0
    - time: 1
      value: 1
      inSlope: 0
      outSlope: 0
      tangentMode: 0
    m_PreInfinity: 2
    m_PostInfinity: 2
  depthGreenChannel:
    serializedVersion: 2
    m_Curve:
    - time: 0
      value: 0
      inSlope: 0
      outSlope: 0
      tangentMode: 0
    - time: 1
      value: 1
      inSlope: 0
      outSlope: 0
      tangentMode: 0
    m_PreInfinity: 2
    m_PostInfinity: 2
  depthBlueChannel:
    serializedVersion: 2
    m_Curve:
    - time: 0
      value: 0
      inSlope: 0
      outSlope: 0
      tangentMode: 0
    - time: 1
      value: 1
      inSlope: 0
      outSlope: 0
      tangentMode: 0
    m_PreInfinity: 2
    m_PostInfinity: 2
  saturation: 1.44000006
  selectiveCc: 0
  selectiveFromColor: {r: 1, g: 1, b: 1, a: 1}
  selectiveToColor: {r: 1, g: 1, b: 1, a: 1}
  mode: 0
  updateTextures: 1
  colorCorrectionCurvesShader: {fileID: 4800000, guid: 62bcade1028c24ca1a39760ed84b9487,
    type: 3}
  simpleColorCorrectionCurvesShader: {fileID: 4800000, guid: 438ddd58d82c84d9eb1fdc56111702e1,
    type: 3}
  colorCorrectionSelectiveShader: {fileID: 4800000, guid: e515e0f94cefc4c0db54b45cba621544,
    type: 3}
--- !u!114 &1138254641
MonoBehaviour:
  m_ObjectHideFlags: 0
  m_PrefabParentObject: {fileID: 0}
  m_PrefabInternal: {fileID: 0}
  m_GameObject: {fileID: 1138254633}
  m_Enabled: 1
  m_EditorHideFlags: 0
  m_Script: {fileID: 11500000, guid: dd6d4281e5d7cd44d8c6e38bc2c1b8d8, type: 3}
  m_Name: 
  m_EditorClassIdentifier: 
  mode: 0
  intensity: 1.55999994
  chromaticAberration: .920000017
  axialAberration: .5
  blur: .99000001
  blurSpread: .119999997
  luminanceDependency: .25
  blurDistance: 2.5
  vignetteShader: {fileID: 4800000, guid: 627943dc7a9a74286b70a4f694a0acd5, type: 3}
  separableBlurShader: {fileID: 4800000, guid: e97c14fbb5ea04c3a902cc533d7fc5d1, type: 3}
  chromAberrationShader: {fileID: 4800000, guid: 2b4f29398d9484ccfa9fd220449f5eee,
    type: 3}
--- !u!1001 &1211457873
Prefab:
  m_ObjectHideFlags: 0
  serializedVersion: 2
  m_Modification:
    m_TransformParent: {fileID: 0}
    m_Modifications:
    - target: {fileID: 492556, guid: 42a5cc698ab714c72bb9d52e0bc8b10d, type: 2}
      propertyPath: m_LocalPosition.x
      value: 1
      objectReference: {fileID: 0}
    - target: {fileID: 492556, guid: 42a5cc698ab714c72bb9d52e0bc8b10d, type: 2}
      propertyPath: m_LocalPosition.y
      value: 1
      objectReference: {fileID: 0}
    - target: {fileID: 492556, guid: 42a5cc698ab714c72bb9d52e0bc8b10d, type: 2}
      propertyPath: m_LocalPosition.z
      value: 1
      objectReference: {fileID: 0}
    - target: {fileID: 492556, guid: 42a5cc698ab714c72bb9d52e0bc8b10d, type: 2}
      propertyPath: m_LocalRotation.x
      value: 0
      objectReference: {fileID: 0}
    - target: {fileID: 492556, guid: 42a5cc698ab714c72bb9d52e0bc8b10d, type: 2}
      propertyPath: m_LocalRotation.y
      value: 0
      objectReference: {fileID: 0}
    - target: {fileID: 492556, guid: 42a5cc698ab714c72bb9d52e0bc8b10d, type: 2}
      propertyPath: m_LocalRotation.z
      value: 0
      objectReference: {fileID: 0}
    - target: {fileID: 492556, guid: 42a5cc698ab714c72bb9d52e0bc8b10d, type: 2}
      propertyPath: m_LocalRotation.w
      value: 1
      objectReference: {fileID: 0}
    - target: {fileID: 492556, guid: 42a5cc698ab714c72bb9d52e0bc8b10d, type: 2}
      propertyPath: m_RootOrder
      value: 2
      objectReference: {fileID: 0}
    - target: {fileID: 171304, guid: 42a5cc698ab714c72bb9d52e0bc8b10d, type: 2}
      propertyPath: m_IsActive
      value: 0
      objectReference: {fileID: 0}
    - target: {fileID: 148788, guid: 42a5cc698ab714c72bb9d52e0bc8b10d, type: 2}
      propertyPath: m_IsActive
      value: 0
      objectReference: {fileID: 0}
    m_RemovedComponents: []
  m_ParentPrefab: {fileID: 100100000, guid: 42a5cc698ab714c72bb9d52e0bc8b10d, type: 2}
  m_IsPrefabParent: 0
--- !u!1 &1352842187
GameObject:
  m_ObjectHideFlags: 0
  m_PrefabParentObject: {fileID: 0}
  m_PrefabInternal: {fileID: 0}
  serializedVersion: 4
  m_Component:
  - 4: {fileID: 1352842191}
  - 33: {fileID: 1352842190}
  - 64: {fileID: 1352842189}
  - 23: {fileID: 1352842188}
  m_Layer: 0
  m_Name: Plane
  m_TagString: Untagged
  m_Icon: {fileID: 0}
  m_NavMeshLayer: 0
  m_StaticEditorFlags: 0
  m_IsActive: 0
--- !u!23 &1352842188
MeshRenderer:
  m_ObjectHideFlags: 0
  m_PrefabParentObject: {fileID: 0}
  m_PrefabInternal: {fileID: 0}
  m_GameObject: {fileID: 1352842187}
  m_Enabled: 1
  m_CastShadows: 1
  m_ReceiveShadows: 1
  m_Materials:
  - {fileID: 2100000, guid: 0e7ec81dc637e477090c210f0d1a53ad, type: 2}
  m_SubsetIndices: 
  m_StaticBatchRoot: {fileID: 0}
  m_UseLightProbes: 1
  m_ReflectionProbeUsage: 1
  m_ProbeAnchor: {fileID: 0}
  m_ScaleInLightmap: 1
  m_PreserveUVs: 1
  m_ImportantGI: 0
  m_AutoUVMaxDistance: .5
  m_AutoUVMaxAngle: 89
  m_LightmapParameters: {fileID: 0}
  m_SortingLayerID: 0
  m_SortingOrder: 0
--- !u!64 &1352842189
MeshCollider:
  m_ObjectHideFlags: 0
  m_PrefabParentObject: {fileID: 0}
  m_PrefabInternal: {fileID: 0}
  m_GameObject: {fileID: 1352842187}
  m_Material: {fileID: 0}
  m_IsTrigger: 0
  m_Enabled: 1
  serializedVersion: 2
  m_Convex: 0
  m_Mesh: {fileID: 10209, guid: 0000000000000000e000000000000000, type: 0}
--- !u!33 &1352842190
MeshFilter:
  m_ObjectHideFlags: 0
  m_PrefabParentObject: {fileID: 0}
  m_PrefabInternal: {fileID: 0}
  m_GameObject: {fileID: 1352842187}
  m_Mesh: {fileID: 10209, guid: 0000000000000000e000000000000000, type: 0}
--- !u!4 &1352842191
Transform:
  m_ObjectHideFlags: 0
  m_PrefabParentObject: {fileID: 0}
  m_PrefabInternal: {fileID: 0}
  m_GameObject: {fileID: 1352842187}
  m_LocalRotation: {x: 0, y: 0, z: 0, w: 1}
  m_LocalPosition: {x: 0, y: 0, z: 0}
  m_LocalScale: {x: 6.97599649, y: 6.97599697, z: 6.97599697}
  m_Children: []
  m_Father: {fileID: 0}
  m_RootOrder: 1
--- !u!1001 &1400709996
Prefab:
  m_ObjectHideFlags: 0
  serializedVersion: 2
  m_Modification:
    m_TransformParent: {fileID: 0}
    m_Modifications:
    - target: {fileID: 400002, guid: 86f5212ba9b7240e5a981aec5283d660, type: 3}
      propertyPath: m_LocalPosition.x
      value: 4.71628714
      objectReference: {fileID: 0}
    - target: {fileID: 400002, guid: 86f5212ba9b7240e5a981aec5283d660, type: 3}
      propertyPath: m_LocalPosition.y
      value: .200000048
      objectReference: {fileID: 0}
    - target: {fileID: 400002, guid: 86f5212ba9b7240e5a981aec5283d660, type: 3}
      propertyPath: m_LocalPosition.z
      value: 2.14233422
      objectReference: {fileID: 0}
    - target: {fileID: 400002, guid: 86f5212ba9b7240e5a981aec5283d660, type: 3}
      propertyPath: m_LocalRotation.x
      value: 0
      objectReference: {fileID: 0}
    - target: {fileID: 400002, guid: 86f5212ba9b7240e5a981aec5283d660, type: 3}
      propertyPath: m_LocalRotation.y
      value: .979634285
      objectReference: {fileID: 0}
    - target: {fileID: 400002, guid: 86f5212ba9b7240e5a981aec5283d660, type: 3}
      propertyPath: m_LocalRotation.z
      value: 0
      objectReference: {fileID: 0}
    - target: {fileID: 400002, guid: 86f5212ba9b7240e5a981aec5283d660, type: 3}
      propertyPath: m_LocalRotation.w
      value: -.200790375
      objectReference: {fileID: 0}
    - target: {fileID: 400002, guid: 86f5212ba9b7240e5a981aec5283d660, type: 3}
      propertyPath: m_RootOrder
      value: 3
      objectReference: {fileID: 0}
    - target: {fileID: 400002, guid: 86f5212ba9b7240e5a981aec5283d660, type: 3}
      propertyPath: m_LocalScale.x
      value: 1
      objectReference: {fileID: 0}
    - target: {fileID: 400002, guid: 86f5212ba9b7240e5a981aec5283d660, type: 3}
      propertyPath: m_LocalScale.y
      value: 1
      objectReference: {fileID: 0}
    - target: {fileID: 400002, guid: 86f5212ba9b7240e5a981aec5283d660, type: 3}
      propertyPath: m_LocalScale.z
      value: 1
      objectReference: {fileID: 0}
    - target: {fileID: 2300002, guid: 86f5212ba9b7240e5a981aec5283d660, type: 3}
      propertyPath: m_Materials.Array.data[0]
      value: 
      objectReference: {fileID: 2100000, guid: f35fcc620e9e940f0b06bc803824ad00, type: 2}
    - target: {fileID: 100002, guid: 86f5212ba9b7240e5a981aec5283d660, type: 3}
      propertyPath: m_IsActive
      value: 0
      objectReference: {fileID: 0}
    m_RemovedComponents:
    - {fileID: 2300000, guid: 86f5212ba9b7240e5a981aec5283d660, type: 3}
  m_ParentPrefab: {fileID: 100100000, guid: 86f5212ba9b7240e5a981aec5283d660, type: 3}
  m_IsPrefabParent: 0
--- !u!1 &1550589810
GameObject:
  m_ObjectHideFlags: 0
  m_PrefabParentObject: {fileID: 0}
  m_PrefabInternal: {fileID: 0}
  serializedVersion: 4
  m_Component:
  - 4: {fileID: 1550589812}
  - 220: {fileID: 1550589811}
  m_Layer: 0
  m_Name: Light Probe Group
  m_TagString: Untagged
  m_Icon: {fileID: 0}
  m_NavMeshLayer: 0
  m_StaticEditorFlags: 0
  m_IsActive: 0
--- !u!220 &1550589811
LightProbeGroup:
  m_ObjectHideFlags: 0
  m_PrefabParentObject: {fileID: 0}
  m_PrefabInternal: {fileID: 0}
  m_GameObject: {fileID: 1550589810}
  m_Enabled: 1
  m_SourcePositions:
  - {x: 1, y: 1, z: 1}
  - {x: 1, y: 1, z: -1}
  - {x: 1, y: -1, z: 1}
  - {x: 1, y: -1, z: -1}
  - {x: -1, y: 1, z: 1}
  - {x: -1, y: 1, z: -1}
  - {x: -1, y: -1, z: 1}
  - {x: -1, y: -1, z: -1}
--- !u!4 &1550589812
Transform:
  m_ObjectHideFlags: 0
  m_PrefabParentObject: {fileID: 0}
  m_PrefabInternal: {fileID: 0}
  m_GameObject: {fileID: 1550589810}
  m_LocalRotation: {x: 0, y: 0, z: 0, w: 1}
  m_LocalPosition: {x: 4.82000017, y: 2.02999997, z: .709999979}
  m_LocalScale: {x: 1, y: 1, z: 1}
  m_Children: []
  m_Father: {fileID: 0}
  m_RootOrder: 7
--- !u!1 &1810484119
GameObject:
  m_ObjectHideFlags: 0
  m_PrefabParentObject: {fileID: 0}
  m_PrefabInternal: {fileID: 0}
  serializedVersion: 4
  m_Component:
  - 4: {fileID: 1810484120}
  - 136: {fileID: 1810484121}
  m_Layer: 0
  m_Name: GameObject
  m_TagString: Untagged
  m_Icon: {fileID: 0}
  m_NavMeshLayer: 0
  m_StaticEditorFlags: 0
  m_IsActive: 1
--- !u!4 &1810484120
Transform:
  m_ObjectHideFlags: 0
  m_PrefabParentObject: {fileID: 0}
  m_PrefabInternal: {fileID: 0}
  m_GameObject: {fileID: 1810484119}
  m_LocalRotation: {x: 2.09631654e-08, y: -.772237778, z: 2.07608708e-09, w: -.635333717}
  m_LocalPosition: {x: .0399999991, y: -.231000006, z: .340000004}
  m_LocalScale: {x: .393700749, y: 3.1760335, z: .880177438}
  m_Children: []
  m_Father: {fileID: 1878324651}
  m_RootOrder: 3
--- !u!136 &1810484121
CapsuleCollider:
  m_ObjectHideFlags: 0
  m_PrefabParentObject: {fileID: 0}
  m_PrefabInternal: {fileID: 0}
  m_GameObject: {fileID: 1810484119}
  m_Material: {fileID: 0}
  m_IsTrigger: 0
  m_Enabled: 1
  m_Radius: .5
  m_Height: 1
  m_Direction: 1
  m_Center: {x: 0, y: 0, z: 0}
--- !u!4 &1878324651 stripped
Transform:
  m_PrefabParentObject: {fileID: 486826, guid: 2778bff16f23c40b8b8bbc9bd5aeee85, type: 2}
  m_PrefabInternal: {fileID: 2101058621}
--- !u!1001 &2101058621
Prefab:
  m_ObjectHideFlags: 0
  serializedVersion: 2
  m_Modification:
    m_TransformParent: {fileID: 0}
    m_Modifications:
    - target: {fileID: 492556, guid: 2778bff16f23c40b8b8bbc9bd5aeee85, type: 2}
      propertyPath: m_LocalPosition.x
      value: 6.11999989
      objectReference: {fileID: 0}
    - target: {fileID: 492556, guid: 2778bff16f23c40b8b8bbc9bd5aeee85, type: 2}
      propertyPath: m_LocalPosition.y
      value: 0
      objectReference: {fileID: 0}
    - target: {fileID: 492556, guid: 2778bff16f23c40b8b8bbc9bd5aeee85, type: 2}
      propertyPath: m_LocalPosition.z
      value: 0
      objectReference: {fileID: 0}
    - target: {fileID: 492556, guid: 2778bff16f23c40b8b8bbc9bd5aeee85, type: 2}
      propertyPath: m_LocalRotation.x
      value: 0
      objectReference: {fileID: 0}
    - target: {fileID: 492556, guid: 2778bff16f23c40b8b8bbc9bd5aeee85, type: 2}
      propertyPath: m_LocalRotation.y
      value: .635333538
      objectReference: {fileID: 0}
    - target: {fileID: 492556, guid: 2778bff16f23c40b8b8bbc9bd5aeee85, type: 2}
      propertyPath: m_LocalRotation.z
      value: 0
      objectReference: {fileID: 0}
    - target: {fileID: 492556, guid: 2778bff16f23c40b8b8bbc9bd5aeee85, type: 2}
      propertyPath: m_LocalRotation.w
      value: .772237837
      objectReference: {fileID: 0}
    - target: {fileID: 492556, guid: 2778bff16f23c40b8b8bbc9bd5aeee85, type: 2}
      propertyPath: m_RootOrder
      value: 4
      objectReference: {fileID: 0}
    - target: {fileID: 173824, guid: 2778bff16f23c40b8b8bbc9bd5aeee85, type: 2}
      propertyPath: m_IsActive
      value: 0
      objectReference: {fileID: 0}
    - target: {fileID: 174008, guid: 2778bff16f23c40b8b8bbc9bd5aeee85, type: 2}
      propertyPath: m_IsActive
      value: 0
      objectReference: {fileID: 0}
    - target: {fileID: 186810, guid: 2778bff16f23c40b8b8bbc9bd5aeee85, type: 2}
      propertyPath: m_IsActive
      value: 0
      objectReference: {fileID: 0}
    - target: {fileID: 160144, guid: 2778bff16f23c40b8b8bbc9bd5aeee85, type: 2}
      propertyPath: m_IsActive
      value: 0
      objectReference: {fileID: 0}
    - target: {fileID: 123406, guid: 2778bff16f23c40b8b8bbc9bd5aeee85, type: 2}
      propertyPath: m_IsActive
      value: 0
      objectReference: {fileID: 0}
    - target: {fileID: 199654, guid: 2778bff16f23c40b8b8bbc9bd5aeee85, type: 2}
      propertyPath: m_IsActive
      value: 0
      objectReference: {fileID: 0}
    - target: {fileID: 117834, guid: 2778bff16f23c40b8b8bbc9bd5aeee85, type: 2}
      propertyPath: m_IsActive
      value: 0
      objectReference: {fileID: 0}
    - target: {fileID: 195448, guid: 2778bff16f23c40b8b8bbc9bd5aeee85, type: 2}
      propertyPath: m_IsActive
      value: 0
      objectReference: {fileID: 0}
    - target: {fileID: 107582, guid: 2778bff16f23c40b8b8bbc9bd5aeee85, type: 2}
      propertyPath: m_IsActive
      value: 0
      objectReference: {fileID: 0}
    - target: {fileID: 18363238, guid: 2778bff16f23c40b8b8bbc9bd5aeee85, type: 2}
      propertyPath: m_UseTethers
      value: 1
      objectReference: {fileID: 0}
    - target: {fileID: 18363238, guid: 2778bff16f23c40b8b8bbc9bd5aeee85, type: 2}
      propertyPath: m_UseGravity
      value: 1
      objectReference: {fileID: 0}
    - target: {fileID: 485740, guid: 2778bff16f23c40b8b8bbc9bd5aeee85, type: 2}
      propertyPath: m_RootOrder
      value: 1
      objectReference: {fileID: 0}
    - target: {fileID: 439312, guid: 2778bff16f23c40b8b8bbc9bd5aeee85, type: 2}
      propertyPath: m_RootOrder
      value: 0
      objectReference: {fileID: 0}
    - target: {fileID: 18363238, guid: 2778bff16f23c40b8b8bbc9bd5aeee85, type: 2}
      propertyPath: m_Enabled
      value: 1
      objectReference: {fileID: 0}
    - target: {fileID: 123318, guid: 2778bff16f23c40b8b8bbc9bd5aeee85, type: 2}
      propertyPath: m_IsActive
      value: 0
      objectReference: {fileID: 0}
    - target: {fileID: 467986, guid: 2778bff16f23c40b8b8bbc9bd5aeee85, type: 2}
      propertyPath: m_LocalScale.x
      value: 1
      objectReference: {fileID: 0}
    - target: {fileID: 13731566, guid: 2778bff16f23c40b8b8bbc9bd5aeee85, type: 2}
      propertyPath: m_AABB.m_Center.x
      value: 1.1920929e-07
      objectReference: {fileID: 0}
    - target: {fileID: 13731566, guid: 2778bff16f23c40b8b8bbc9bd5aeee85, type: 2}
      propertyPath: m_AABB.m_Center.y
      value: -.0178132057
      objectReference: {fileID: 0}
    - target: {fileID: 13731566, guid: 2778bff16f23c40b8b8bbc9bd5aeee85, type: 2}
      propertyPath: m_AABB.m_Center.z
      value: 1.22478747
      objectReference: {fileID: 0}
    - target: {fileID: 13731566, guid: 2778bff16f23c40b8b8bbc9bd5aeee85, type: 2}
      propertyPath: m_AABB.m_Extent.x
      value: .832270205
      objectReference: {fileID: 0}
    - target: {fileID: 13731566, guid: 2778bff16f23c40b8b8bbc9bd5aeee85, type: 2}
      propertyPath: m_AABB.m_Extent.y
      value: .743399262
      objectReference: {fileID: 0}
    - target: {fileID: 13731566, guid: 2778bff16f23c40b8b8bbc9bd5aeee85, type: 2}
      propertyPath: m_AABB.m_Extent.z
      value: 1.13685775
      objectReference: {fileID: 0}
    - target: {fileID: 467986, guid: 2778bff16f23c40b8b8bbc9bd5aeee85, type: 2}
      propertyPath: m_LocalScale.y
      value: 1
      objectReference: {fileID: 0}
    - target: {fileID: 467986, guid: 2778bff16f23c40b8b8bbc9bd5aeee85, type: 2}
      propertyPath: m_LocalScale.z
      value: 1
      objectReference: {fileID: 0}
    m_RemovedComponents: []
  m_ParentPrefab: {fileID: 100100000, guid: 2778bff16f23c40b8b8bbc9bd5aeee85, type: 2}
  m_IsPrefabParent: 0
--- !u!1 &2110053473 stripped
GameObject:
  m_PrefabParentObject: {fileID: 100000, guid: 86f5212ba9b7240e5a981aec5283d660, type: 3}
  m_PrefabInternal: {fileID: 1400709996}
--- !u!183 &2110053474
Cloth:
  m_ObjectHideFlags: 0
  m_PrefabParentObject: {fileID: 0}
  m_PrefabInternal: {fileID: 0}
  m_GameObject: {fileID: 2110053473}
  m_Enabled: 1
  m_StretchingStiffness: 1
  m_BendingStiffness: 1
  m_UseTethers: 1
  m_UseGravity: 1
  m_Damping: .100000001
  m_ExternalAcceleration: {x: 0, y: 0, z: 0}
  m_RandomAcceleration: {x: 0, y: 0, z: 0}
  m_WorldVelocityScale: 1
  m_WorldAccelerationScale: 1
  m_Friction: .5
  m_CollisionMassScale: 5
  m_UseContinuousCollision: 1
  m_UseVirtualParticles: 1
  m_SolverFrequency: 120
  m_SleepThreshold: .100000001
  m_Coefficients:
  - maxDistance: 0
    collisionSphereDistance: 3.40282347e+38
  - maxDistance: .100000001
    collisionSphereDistance: 3.40282347e+38
  - maxDistance: 0
    collisionSphereDistance: 3.40282347e+38
  - maxDistance: 0
    collisionSphereDistance: 3.40282347e+38
  - maxDistance: 0
    collisionSphereDistance: 3.40282347e+38
  - maxDistance: .100000001
    collisionSphereDistance: 3.40282347e+38
  - maxDistance: 0
    collisionSphereDistance: 3.40282347e+38
  - maxDistance: .100000001
    collisionSphereDistance: 3.40282347e+38
  - maxDistance: 0
    collisionSphereDistance: 3.40282347e+38
  - maxDistance: .100000001
    collisionSphereDistance: 3.40282347e+38
  - maxDistance: .100000001
    collisionSphereDistance: 3.40282347e+38
  - maxDistance: .100000001
    collisionSphereDistance: 3.40282347e+38
  - maxDistance: 0
    collisionSphereDistance: 3.40282347e+38
  - maxDistance: 0
    collisionSphereDistance: 3.40282347e+38
  - maxDistance: .100000001
    collisionSphereDistance: 3.40282347e+38
  - maxDistance: 0
    collisionSphereDistance: 3.40282347e+38
  - maxDistance: .100000001
    collisionSphereDistance: 3.40282347e+38
  - maxDistance: .200000003
    collisionSphereDistance: 3.40282347e+38
  - maxDistance: .200000003
    collisionSphereDistance: 3.40282347e+38
  - maxDistance: .100000001
    collisionSphereDistance: 3.40282347e+38
  - maxDistance: .600000024
    collisionSphereDistance: 3.40282347e+38
  - maxDistance: .600000024
    collisionSphereDistance: 3.40282347e+38
  - maxDistance: .600000024
    collisionSphereDistance: 3.40282347e+38
  - maxDistance: .600000024
    collisionSphereDistance: 3.40282347e+38
  - maxDistance: .600000024
    collisionSphereDistance: 3.40282347e+38
  - maxDistance: .600000024
    collisionSphereDistance: 3.40282347e+38
  - maxDistance: .600000024
    collisionSphereDistance: 3.40282347e+38
  - maxDistance: .600000024
    collisionSphereDistance: 3.40282347e+38
  - maxDistance: .600000024
    collisionSphereDistance: 3.40282347e+38
  - maxDistance: 3.40282347e+38
    collisionSphereDistance: 3.40282347e+38
  - maxDistance: 3.40282347e+38
    collisionSphereDistance: 3.40282347e+38
  - maxDistance: 3.40282347e+38
    collisionSphereDistance: 3.40282347e+38
  - maxDistance: 3.40282347e+38
    collisionSphereDistance: 3.40282347e+38
  - maxDistance: 3.40282347e+38
    collisionSphereDistance: 3.40282347e+38
  - maxDistance: 3.40282347e+38
    collisionSphereDistance: 3.40282347e+38
  - maxDistance: 3.40282347e+38
    collisionSphereDistance: 3.40282347e+38
  - maxDistance: 3.40282347e+38
    collisionSphereDistance: 3.40282347e+38
  - maxDistance: 3.40282347e+38
    collisionSphereDistance: 3.40282347e+38
  - maxDistance: 3.40282347e+38
    collisionSphereDistance: 3.40282347e+38
  - maxDistance: 3.40282347e+38
    collisionSphereDistance: 3.40282347e+38
  - maxDistance: 3.40282347e+38
    collisionSphereDistance: 3.40282347e+38
  - maxDistance: 3.40282347e+38
    collisionSphereDistance: 3.40282347e+38
  - maxDistance: 3.40282347e+38
    collisionSphereDistance: 3.40282347e+38
  - maxDistance: 3.40282347e+38
    collisionSphereDistance: 3.40282347e+38
  - maxDistance: 3.40282347e+38
    collisionSphereDistance: 3.40282347e+38
  - maxDistance: 3.40282347e+38
    collisionSphereDistance: 3.40282347e+38
  - maxDistance: 3.40282347e+38
    collisionSphereDistance: 3.40282347e+38
  - maxDistance: 3.40282347e+38
    collisionSphereDistance: 3.40282347e+38
  - maxDistance: 3.40282347e+38
    collisionSphereDistance: 3.40282347e+38
  - maxDistance: 3.40282347e+38
    collisionSphereDistance: 3.40282347e+38
  - maxDistance: 3.40282347e+38
    collisionSphereDistance: 3.40282347e+38
  - maxDistance: 3.40282347e+38
    collisionSphereDistance: 3.40282347e+38
  - maxDistance: 3.40282347e+38
    collisionSphereDistance: 3.40282347e+38
  - maxDistance: 3.40282347e+38
    collisionSphereDistance: 3.40282347e+38
  - maxDistance: 3.40282347e+38
    collisionSphereDistance: 3.40282347e+38
  - maxDistance: 3.40282347e+38
    collisionSphereDistance: 3.40282347e+38
  - maxDistance: 3.40282347e+38
    collisionSphereDistance: 3.40282347e+38
  - maxDistance: 3.40282347e+38
    collisionSphereDistance: 3.40282347e+38
  - maxDistance: 3.40282347e+38
    collisionSphereDistance: 3.40282347e+38
  - maxDistance: 3.40282347e+38
    collisionSphereDistance: 3.40282347e+38
  - maxDistance: 3.40282347e+38
    collisionSphereDistance: 3.40282347e+38
  - maxDistance: 3.40282347e+38
    collisionSphereDistance: 3.40282347e+38
  - maxDistance: 3.40282347e+38
    collisionSphereDistance: 3.40282347e+38
  - maxDistance: 3.40282347e+38
    collisionSphereDistance: 3.40282347e+38
  - maxDistance: 3.40282347e+38
    collisionSphereDistance: 3.40282347e+38
  - maxDistance: 3.40282347e+38
    collisionSphereDistance: 3.40282347e+38
  - maxDistance: 3.40282347e+38
    collisionSphereDistance: 3.40282347e+38
  - maxDistance: .699999988
    collisionSphereDistance: 3.40282347e+38
  - maxDistance: .699999988
    collisionSphereDistance: 3.40282347e+38
  - maxDistance: 3.40282347e+38
    collisionSphereDistance: 3.40282347e+38
  - maxDistance: 3.40282347e+38
    collisionSphereDistance: 3.40282347e+38
  - maxDistance: 3.40282347e+38
    collisionSphereDistance: 3.40282347e+38
  - maxDistance: 3.40282347e+38
    collisionSphereDistance: 3.40282347e+38
  - maxDistance: 3.40282347e+38
    collisionSphereDistance: 3.40282347e+38
  - maxDistance: 3.40282347e+38
    collisionSphereDistance: 3.40282347e+38
  - maxDistance: 3.40282347e+38
    collisionSphereDistance: 3.40282347e+38
  - maxDistance: 3.40282347e+38
    collisionSphereDistance: 3.40282347e+38
  - maxDistance: .600000024
    collisionSphereDistance: 3.40282347e+38
  - maxDistance: .600000024
    collisionSphereDistance: 3.40282347e+38
  - maxDistance: .600000024
    collisionSphereDistance: 3.40282347e+38
  - maxDistance: .600000024
    collisionSphereDistance: 3.40282347e+38
  - maxDistance: .200000003
    collisionSphereDistance: 3.40282347e+38
  - maxDistance: .200000003
    collisionSphereDistance: 3.40282347e+38
  - maxDistance: .100000001
    collisionSphereDistance: 3.40282347e+38
  - maxDistance: .100000001
    collisionSphereDistance: 3.40282347e+38
  - maxDistance: .100000001
    collisionSphereDistance: 3.40282347e+38
  - maxDistance: 0
    collisionSphereDistance: 3.40282347e+38
  - maxDistance: 0
    collisionSphereDistance: 3.40282347e+38
  - maxDistance: .100000001
    collisionSphereDistance: 3.40282347e+38
  - maxDistance: 0
    collisionSphereDistance: 3.40282347e+38
  - maxDistance: 0
    collisionSphereDistance: 3.40282347e+38
  - maxDistance: 0
    collisionSphereDistance: 3.40282347e+38
  - maxDistance: 0
    collisionSphereDistance: 3.40282347e+38
  - maxDistance: .100000001
    collisionSphereDistance: 3.40282347e+38
  - maxDistance: .200000003
    collisionSphereDistance: 3.40282347e+38
  - maxDistance: .600000024
    collisionSphereDistance: 3.40282347e+38
  - maxDistance: .600000024
    collisionSphereDistance: 3.40282347e+38
  - maxDistance: .699999988
    collisionSphereDistance: 3.40282347e+38
  - maxDistance: .699999988
    collisionSphereDistance: 3.40282347e+38
  - maxDistance: .699999988
    collisionSphereDistance: 3.40282347e+38
  - maxDistance: .100000001
    collisionSphereDistance: 3.40282347e+38
  - maxDistance: 0
    collisionSphereDistance: 3.40282347e+38
  - maxDistance: 0
    collisionSphereDistance: 3.40282347e+38
  - maxDistance: 0
    collisionSphereDistance: 3.40282347e+38
  - maxDistance: .100000001
    collisionSphereDistance: 3.40282347e+38
  - maxDistance: .100000001
    collisionSphereDistance: 3.40282347e+38
  - maxDistance: .100000001
    collisionSphereDistance: 3.40282347e+38
  - maxDistance: .600000024
    collisionSphereDistance: 3.40282347e+38
  - maxDistance: .100000001
    collisionSphereDistance: 3.40282347e+38
  - maxDistance: 0
    collisionSphereDistance: 3.40282347e+38
  - maxDistance: .600000024
    collisionSphereDistance: 3.40282347e+38
  - maxDistance: .600000024
    collisionSphereDistance: 3.40282347e+38
  - maxDistance: .600000024
    collisionSphereDistance: 3.40282347e+38
  - maxDistance: 3.40282347e+38
    collisionSphereDistance: 3.40282347e+38
  - maxDistance: 3.40282347e+38
    collisionSphereDistance: 3.40282347e+38
  - maxDistance: 3.40282347e+38
    collisionSphereDistance: 3.40282347e+38
  - maxDistance: 3.40282347e+38
    collisionSphereDistance: 3.40282347e+38
  - maxDistance: 3.40282347e+38
    collisionSphereDistance: 3.40282347e+38
  - maxDistance: 3.40282347e+38
    collisionSphereDistance: 3.40282347e+38
  - maxDistance: 3.40282347e+38
    collisionSphereDistance: 3.40282347e+38
  - maxDistance: 3.40282347e+38
    collisionSphereDistance: 3.40282347e+38
  - maxDistance: 3.40282347e+38
    collisionSphereDistance: 3.40282347e+38
  - maxDistance: 3.40282347e+38
    collisionSphereDistance: 3.40282347e+38
  - maxDistance: 3.40282347e+38
    collisionSphereDistance: 3.40282347e+38
  - maxDistance: 3.40282347e+38
    collisionSphereDistance: 3.40282347e+38
  - maxDistance: 3.40282347e+38
    collisionSphereDistance: 3.40282347e+38
  - maxDistance: 3.40282347e+38
    collisionSphereDistance: 3.40282347e+38
  - maxDistance: 3.40282347e+38
    collisionSphereDistance: 3.40282347e+38
  - maxDistance: 3.40282347e+38
    collisionSphereDistance: 3.40282347e+38
  - maxDistance: 3.40282347e+38
    collisionSphereDistance: 3.40282347e+38
  - maxDistance: .600000024
    collisionSphereDistance: 3.40282347e+38
  - maxDistance: .600000024
    collisionSphereDistance: 3.40282347e+38
  - maxDistance: 3.40282347e+38
    collisionSphereDistance: 3.40282347e+38
  - maxDistance: 3.40282347e+38
    collisionSphereDistance: 3.40282347e+38
  - maxDistance: 3.40282347e+38
    collisionSphereDistance: 3.40282347e+38
  - maxDistance: 3.40282347e+38
    collisionSphereDistance: 3.40282347e+38
  - maxDistance: 3.40282347e+38
    collisionSphereDistance: 3.40282347e+38
  - maxDistance: 3.40282347e+38
    collisionSphereDistance: 3.40282347e+38
  - maxDistance: .699999988
    collisionSphereDistance: 3.40282347e+38
  - maxDistance: 3.40282347e+38
    collisionSphereDistance: 3.40282347e+38
  - maxDistance: 3.40282347e+38
    collisionSphereDistance: 3.40282347e+38
  - maxDistance: .699999988
    collisionSphereDistance: 3.40282347e+38
  - maxDistance: 3.40282347e+38
    collisionSphereDistance: 3.40282347e+38
  - maxDistance: 3.40282347e+38
    collisionSphereDistance: 3.40282347e+38
  - maxDistance: 3.40282347e+38
    collisionSphereDistance: 3.40282347e+38
  - maxDistance: 3.40282347e+38
    collisionSphereDistance: 3.40282347e+38
  m_CapsuleColliders: []
  m_SphereColliders: []
--- !u!137 &2110053475
SkinnedMeshRenderer:
  m_ObjectHideFlags: 0
  m_PrefabParentObject: {fileID: 0}
  m_PrefabInternal: {fileID: 0}
  m_GameObject: {fileID: 2110053473}
  m_Enabled: 1
  m_CastShadows: 1
  m_ReceiveShadows: 1
  m_Materials:
  - {fileID: 2100000, guid: 3f983347e2104403784b2b26f97427d5, type: 2}
  m_SubsetIndices: 
  m_StaticBatchRoot: {fileID: 0}
  m_UseLightProbes: 1
  m_ReflectionProbeUsage: 1
  m_ProbeAnchor: {fileID: 0}
  m_ScaleInLightmap: 1
  m_PreserveUVs: 0
  m_ImportantGI: 0
  m_AutoUVMaxDistance: .5
  m_AutoUVMaxAngle: 89
  m_LightmapParameters: {fileID: 0}
  m_SortingLayerID: 0
  m_SortingOrder: 0
  serializedVersion: 2
  m_Quality: 0
  m_UpdateWhenOffscreen: 0
  m_Mesh: {fileID: 4300000, guid: 86f5212ba9b7240e5a981aec5283d660, type: 3}
  m_Bones: []
  m_BlendShapeWeights: []
  m_RootBone: {fileID: 0}
  m_AABB:
    m_Center: {x: -8.40519714, y: 71.1999741, z: 537.164185}
    m_Extent: {x: 500.894562, y: 415.375183, z: 515.010681}
  m_DirtyAABB: 0
